@article{chung2019graspy,
  author  = {Jaewon Chung and Benjamin D. Pedigo and Eric W. Bridgeford and Bijan K. Varjavand and Hayden S. Helm and Joshua T. Vogelstein},
  title   = {GraSPy: Graph Statistics in Python},
  journal = {Journal of Machine Learning Research},
  year    = {2019},
  volume  = {20},
  number  = {158},
  pages   = {1-7},
  url     = {http://jmlr.org/papers/v20/19-490.html}
}

@misc{panda2021hyppo,
      title={hyppo: A Multivariate Hypothesis Testing Python Package}, 
      author={Sambit Panda and Satish Palaniappan and Junhao Xiong and Eric W. Bridgeford and Ronak Mehta and Cencheng Shen and Joshua T. Vogelstein},
      year={2021},
      eprint={1907.02088},
      archivePrefix={arXiv},
      primaryClass={stat.CO}
}